% Genereres på denne side: http://truben.no/latex/bibtex/# 
% Links på litteraturliste vil IKKE vises i main-tekst, såfremt de ikke refereres til i teksten. refereres til med \cite{}


@INBOOK {PrincipalsOfPhysics,
    author    = "{David Halliday, Robert Resnick, Jearl Walker}",
    title     = "Principles of Physics",
    chapter   = " ",
    publisher = "Wiley",
    year      = "2014",
    edition   = "tenth",
    month     = "jun",
    pages     = {}
}

@INBOOK{Tustin,
    author       = "{Gene F. Franklin, J. David Powell, and Abbas Emami-Naeini}",
    title        = "Feedback Control of Dynamic Systems",
    chapter      = "8, Digital Control",
    publisher    = "Pearson",
    year         = "2015",
    edition     = "7"
    }

% ----------------------------------------------------------------------------------------------------------------
%  Manual references - datasheets mostly (use (at)MANUAL)
% Contains the following:
%
% 
%


% Use the following for articles and manuals such as datasheets. Don't use (at)article! they are expected to be part of a newspaper/magazine and require a journal entry
%   manual{Xmanual,
%	   title		= "",
%      author		= "",
%      organization	= "",
%      address	= "",
%      edition	= "",
%      year		= "",
%      month		= "",
%      note		= "",
%       }

% ----------------------------------------------------------------------------------------------------------------
% Article references (use (at)manual!)
% Contains the following:
%

@MANUAL {PalleAndersenModeldannelse, 
    author = "Palle Andersen, Tom S. Pedersen",
    title = "Modeldannelse",
    year = "2010",
    month = "feb",
    note = "Danish. Can be seen in digital appendix."
}

@MANUAL {Flowchart_Symbols,
    title  = "Flowchart Symbols",
    author = "Group 04, Robot technology 4th semester",
    year   = "2019",
    note   = "Can be seen in digital appendix"
}

@MANUAL {TM4C123GH6PM,
    title        = "Tiva™TM4C123GH6PM Microcontroller DATA SHEET",
    organization = "Texas Instruments Incorporate",
    year         = "2014",
    note   = "Can be seen in digital appendix"
}


@MANUAL {christoffersloth,
    title        = "Projektbeskrivelse",
    author       = "Christoffer Sloth",
    organization = "SDU",
    note         = "Can be seen in digital appendix"
}

@MANUAL {Encoder,
    title       = "EMG30 data",
    author      = "robot-electronics.co.uk/htm/emg30.htm",
    note        = "Can be seen in digital appendix"
    }

@MANUAL {Hbridge,
    title       = "DMOS FULL BRIDGE DRIVER",
    author      = "ST",
    note        = "Can be seen in digital appendix",
    }

% ----------------------------------------------------------------------------------------------------------------
% Online MISC references
% Contains the following:
%
%  - 
@MISC {universityofmichigan2019,
    author       = "{University of Michigan}",
    title        = "Control tutorials for Matlab \& simulink",
    howpublished = "\url{http://ctms.engin.umich.edu/CTMS/index.php?example=MotorPosition\&section=SystemModeling}",
    month        = "may",
    year         = "2019"
}

@MISC {CascadeControl,
    author       = "Jacques Smuts",
    title        = "A Tutorial on Cascade Control",
    howpublished = "\url{http://blog.opticontrols.com/archives/105}",
    month        = "may",
    year         = "2019"
}


@MISC {extrusion45x45,
    author       = "rexroth",
    title        = "Strut profile 45x45",
    howpublished = "\url{https://www.boschrexroth.com/en/xc/products/product-groups/assembly-technology/basic-mechanic-elements/strut-profiles/strut-profiles-slot-10-modular-dimensions-45/45x45}",
    month        = "may",
    year         = "2019"
}

@MISC {extrusion40x40,
    author       = "MISUMI",
    title        = "8 Series Aluminum Extrusions - Overview",
    howpublished = "\url{https://uk.misumi-ec.com/pdf/fa/2014/P2_0629-0630_F40_EN.pdf}",
    month        = "may",
    year         = "2019"
}

@MISC {Design_Of_Digital_Control_Systems_NOTE,
    title = "Chapter 5: Design of Digital Control Systems Using Transform Techniques",
    month = "may",
    year  = "2019",
    note  = "Found in the digital appendix. Provided by Christoffer Sloth."
}

@MISC {PID_Lecture,
    author          = "Christoffer Sloth",
    title           = "Design of PID Controllers",
    howpublished    = "Lecture 4 in Control Engineering",
    year            = "2019",
    note            = "Can be seen in digital appendix"
    }
